@ONLINE{sitopredictionio,
    author = {The Apache Software Foundation},
    title = {Apache PredictionIO},
    url  = {http://predictionio.apache.org/},
    date = {2020}
}

@ONLINE{dataset,
    author = {Kaggle.com},
    title = {Dataset StartUp Investments},
    url  = {https://www.kaggle.com/arindam235/startup-investments-crunchbase},
    date = {2020}
}

@ONLINE{codice,
    author = {Francesco Baraldi},
    title = {Codice applicazione},
    url  = {https://github.com/francescobaraldi/investments-app-predictionio},
    date = {2021}
}